@article{PhysRev.47.777,
  title = {Can Quantum-Mechanical Description of Physical Reality Be Considered Complete?},
  author = {Einstein, A. and Podolsky, B. and Rosen, N.},
  journal = {Phys. Rev.},
  volume = {47},
  issue = {10},
  pages = {777--780},
  numpages = {0},
  year = {1935},
  month = {May},
  publisher = {American Physical Society},
  doi = {10.1103/PhysRev.47.777},
  url = {https://link.aps.org/doi/10.1103/PhysRev.47.777}
}
@article{10.2307/85711,
 ISSN = {00278424},
 URL = {http://www.jstor.org/stable/85711},
 author = {C. J. Davisson and L. H. Germer},
 journal = {Proceedings of the National Academy of Sciences of the United States of America},
 number = {4},
 pages = {317--322},
 publisher = {National Academy of Sciences},
 title = {Reflection of Electrons by a Crystal of Nickel},
 volume = {14},
 year = {1928}
}
@article{PhysRev.30.705,
  title = {Diffraction of Electrons by a Crystal of Nickel},
  author = {Davisson, C. and Germer, L. H.},
  journal = {Phys. Rev.},
  volume = {30},
  issue = {6},
  pages = {705--740},
  numpages = {0},
  year = {1927},
  month = {Dec},
  publisher = {American Physical Society},
  doi = {10.1103/PhysRev.30.705},
  url = {https://link.aps.org/doi/10.1103/PhysRev.30.705}
}
