
@misc{noauthor_differential_nodate,
	title = {Differential {Equations} and {Linear} {Algebra} by {Gilbert} {Strang} {\textbar} {Goodreads}},
	url = {https://www.goodreads.com/book/show/25475460-differential-equations-and-linear-algebra},
	urldate = {2021-10-27},
}

@misc{noauthor_scipyintegrateodeint_nodate,
	title = {scipy.integrate.odeint — {SciPy} v1.7.1 {Manual}},
	url = {https://docs.scipy.org/doc/scipy/reference/generated/scipy.integrate.odeint.html},
	urldate = {2021-10-27},
}

@misc{noauthor_mathematical_nodate,
	title = {Mathematical {Biology}. 14: {Predator} {Prey} {Model} - {YouTube}},
	url = {https://www.youtube.com/watch?v=c2LPt9z4RJY&t=425s},
	urldate = {2021-10-17},
}

@misc{noauthor_pdf_nodate,
	title = {({PDF}) {Approximate} {Analytic} {Solution} to the {Lotka} -{Volterra} {Predator} -{Prey} {Differential} {Equations} {Model}},
	url = {https://www.researchgate.net/publication/338934386_Approximate_Analytic_Solution_to_the_Lotka_-Volterra_Predator_-Prey_Differential_Equations_Model},
	urldate = {2021-10-17},
}

@misc{noauthor_pdf_nodate-1,
	title = {({PDF}) {Analytic} solutions to a family of {Lotka}–{Volterra} related differential equations},
	url = {https://www.researchgate.net/publication/226744203_Analytic_solutions_to_a_family_of_Lotka-Volterra_related_differential_equations},
	urldate = {2021-10-17},
}

@misc{noauthor_notitle_nodate,
	url = {https://jmahaffy.sdsu.edu/courses/f17/math636/beamer/lotvol.pdf},
	urldate = {2021-10-17},
}

@misc{noauthor_lotkavolterra_nodate,
	title = {Lotka–{Volterra} equations - {Wikipedia}},
	url = {https://en.wikipedia.org/wiki/Lotka%E2%80%93Volterra_equations},
	urldate = {2021-10-17},
}
